<record><leader>00000cas a22000007a 4500</leader><controlfield tag="001">23091688</controlfield><controlfield tag="008">910212d18631864mnuuu ne      0    0eng d</controlfield><datafield ind1=" " ind2=" " tag="010"><subfield code="a">sn 90057642 </subfield></datafield><datafield ind1=" " ind2=" " tag="040"><subfield code="a">MN#</subfield><subfield code="b">eng</subfield><subfield code="c">MN#</subfield><subfield code="d">OCL</subfield><subfield code="d">OCLCQ</subfield><subfield code="d">OCLCF</subfield><subfield code="d">OCLCO</subfield><subfield code="d">OCLCA</subfield></datafield><datafield ind1="1" ind2=" " tag="029"><subfield code="a">AU@</subfield><subfield code="b">000020225307</subfield></datafield><datafield ind1=" " ind2=" " tag="042"><subfield code="a">msc</subfield></datafield><datafield ind1=" " ind2=" " tag="043"><subfield code="a">n-us-mn</subfield></datafield><datafield ind1=" " ind2=" " tag="052"><subfield code="a">4144</subfield><subfield code="b">W76</subfield></datafield><datafield ind1=" " ind2=" " tag="052"><subfield code="a">4143</subfield><subfield code="b">F3</subfield></datafield><datafield ind1="0" ind2=" " tag="130"><subfield code="a">Whig of '76 (Winnebago City, Minn.)</subfield></datafield><datafield ind1="1" ind2="0" tag="245"><subfield code="a">Whig of '76.</subfield></datafield><datafield ind1="3" ind2="0" tag="246"><subfield code="a">Whig of seventy-six</subfield></datafield><datafield ind1=" " ind2=" " tag="260"><subfield code="a">Winnebago City, Minn. :</subfield><subfield code="b">Carr Huntington</subfield></datafield><datafield ind1=" " ind2=" " tag="300"><subfield code="a">v.</subfield></datafield><datafield ind1="1" ind2=" " tag="362"><subfield code="a">Began Oct. 31, 1863; ceased in Apr. 1864.</subfield></datafield><datafield ind1=" " ind2=" " tag="530"><subfield code="a">Available on microfilm from the Minnesota Historical Society.</subfield></datafield><datafield ind1=" " ind2=" " tag="588"><subfield code="a">Description based on: Vol. 1, no. 8 (Dec. 23. 1863).</subfield></datafield><datafield ind1=" " ind2="0" tag="651"><subfield code="a">Winnebago (Minn.)</subfield><subfield code="v">Newspapers.</subfield></datafield><datafield ind1=" " ind2="7" tag="655"><subfield code="a">Newspapers.</subfield><subfield code="2">fast</subfield><subfield code="0">(OCoLC)fst01423814</subfield></datafield><datafield ind1=" " ind2="7" tag="651"><subfield code="a">Minnesota</subfield><subfield code="z">Winnebago.</subfield><subfield code="2">fast</subfield><subfield code="0">(OCoLC)fst01223796</subfield></datafield><datafield ind1=" " ind2=" " tag="752"><subfield code="a">United States</subfield><subfield code="b">Minnesota</subfield><subfield code="c">Faribault</subfield><subfield code="d">Winnebago.</subfield></datafield><datafield ind1="0" ind2="0" tag="785"><subfield code="t">Free homestead</subfield><subfield code="w">(DLC)sn 90057633</subfield></datafield></record>